<?xml version="1.0" encoding="UTF-8"?><collection xmlns="http://www.loc.gov/MARC21/slim"><record><leader>00360nam--2200133-i-4500</leader><controlfield tag="001">000024661</controlfield><controlfield tag="002">20161230</controlfield><controlfield tag="005">20161230201035</controlfield><controlfield tag="008">060222s1000------------r-----000-0-eng-d</controlfield><datafield ind1=" " ind2=" " tag="080"><subfield code="a">681.785.5(043)</subfield></datafield><datafield ind1=" " ind2=" " tag="100"><subfield code="a">Hubel, Helmut</subfield></datafield><datafield ind1=" " ind2=" " tag="245"><subfield code="a">Absorptionsmessungen mit einem paarspektrometer. dissertation</subfield></datafield><datafield ind1=" " ind2=" " tag="260"><subfield code="a">Wurzburg, Universitat, 1959, 29 P</subfield></datafield><datafield ind1=" " ind2=" " tag="852"><subfield code="a">78099</subfield></datafield></record></collection>